@article{Schmidt2015,
author = {Schmidt \textit{et al}, D.},
journal = {\href{{https://doi.org/10.1021/cb500577j}}{ACS Chem. Biol.}},
number = {3},
pages = {715--724},
volume = {10},
year = {2015}
}
@article{Wang2019,
author = {Wang \textit{et al}, Z. F. },
journal = {\href{https://doi.org/10.1016/j.chembiol.2018.10.018}{Cell Chem. Biol.}},
number = {2},
pages = {179--190.e12},
volume = {26},
year = {2019}
}
@article{Admas2016,
author = {Admas \textit{et al}, T.},
doi = {},
journal = {\href{https://doi.org/10.1002/cmdc.201500573}{ChemMedChem}},
number = {6},
pages = {575--584},
volume = {11},
year = {2016}
}
@article{Bernat2015b,
author = {Bernat, V. and Disney, M. D.},
doi = {},
journal = {\href{https://10.1016/j.neuron.2015.06.012}{Neuron}},
number = {1},
pages = {28--46},
volume = {87},
year = {2015}
}
@article{Bernat2014,
author = {Bernat \textit{et al}, V.},
journal = {\href{https://doi.org/10.1021/cb500678c}{ACS Chem. Biol.}},
number = {11},
pages = {2664--2677},
volume = {9},
year = {2014}
}
@article{Bernat2012,
author = {Bernat \textit{et al}, V.},
doi = {},
journal = {\href{https://doi.org/10.1002/cmdc.201200184}{ChemMedChem}},
number = {8},
pages = {1481--1489},
volume = {7},
year = {2012}
}
@article{Manglik2016,
author = {Manglik \textit{et al}, A. },
doi = {},
journal = {\href{https://doi.org/10.1038/nature19112}{Nature}},
number = {7619},
pages = {185--190},
volume = {537},
year = {2016}
}
@article{Bernat2015a,
author = {Bernat \textit{et al}, V.},
doi = {},
journal = {\href{https://10.1002/cmdc.201402507}{ChemMedChem}},
number = {3},
pages = {566--574},
volume = {10},
year = {2015}
}
@patent{Gamsey2018,
author = {Gamsey \textit{et al}, S.}, 
title = {\href{https://patents.google.com/patent/US10494385B2/en}{US Patent 10,494,385; US Pat. App. 15/855,555; US Patent App. 16/455,038}}, 
number = {10,494,385}, 
year = {2019}
}